@phdthesis{Vilo02,
    author = {Jaak Vilo},
    title = {Pattern Discovery from Biosequences},
    year = {2002},
    school = {University of Helsinki},
}

@article{Parnas72,
    author = {Parnas, D. L.},
    title = {On the criteria to be used in decomposing systems into modules},
    journal = {Commun. ACM},
    issue_date = {Dec. 1972},
    volume = {15},
    number = {12},
    month = dec,
    year = {1972},
    issn = {0001-0782},
    pages = {1053--1058},
    numpages = {6},
    url = {http://doi.acm.org/10.1145/361598.361623},
    doi = {10.1145/361598.361623},
    acmid = {361623},
    publisher = {ACM},
    address = {New York, NY, USA},
    keywords = {KWIC index, modularity, modules, software, software design, software engineering},
}

@article{Lee95, 
    author={Lee, E.A. and Parks, T.M.}, 
    journal={Proceedings of the IEEE}, title={Dataflow process networks}, 
    year={1995}, 
    month={may}, 
    volume={83}, 
    number={5}, 
    pages={773 -801}, 
    keywords={COSSAP;DSP Station;Haskell;Hypersignal;Kahn process networks;Khoros;SPW;commercial visual programming systems;context switching;dataflow process networks;functional languages;higher-order functions;polymorphism;programming language design;signal processing software environments;static dataflow;tagged-token model;unidirectional FIFO channels;visual syntax;data flow computing;functional languages;parallel programming;programming environments;signal processing;visual languages;visual programming;}, 
    doi={10.1109/5.381846}, 
    ISSN={0018-9219},
}

@inproceedings{Kahn74,
    AUTHOR = {G. Kahn},
    TITLE = {The semantics of a simple language for parallel
    programming},
    BOOKTITLE = {Information processing},
    EDITOR = {J. L. Rosenfeld},
    PUBLISHER = {North Holland, Amsterdam},
    ADDRESS = {Stockholm, Sweden},
    MONTH = {Aug},
    YEAR = {1974},
    PAGES = {471-475}
}

@article{MapReduce,
    author = {Dean, Jeffrey and Ghemawat, Sanjay},
    title = {MapReduce: simplified data processing on large clusters},
    journal = {Commun. ACM},
    issue_date = {January 2008},
    volume = {51},
    number = {1},
    month = jan,
    year = {2008},
    issn = {0001-0782},
    pages = {107--113},
    numpages = {7},
    url = {http://doi.acm.org/10.1145/1327452.1327492},
    doi = {10.1145/1327452.1327492},
    acmid = {1327492},
    publisher = {ACM},
    address = {New York, NY, USA},
} 
